<?xml version="1.0" encoding="UTF-8"?><collection xmlns="http://www.loc.gov/MARC21/slim"><record><leader>00373nam--2200121-i-4500</leader><controlfield tag="001">000016376</controlfield><controlfield tag="002">20161230</controlfield><controlfield tag="005">20161230201031</controlfield><controlfield tag="008">060222s1000------------r-----000-0-eng-d</controlfield><datafield ind1=" " ind2=" " tag="100"><subfield code="a">Michelsen, J.C.F</subfield></datafield><datafield ind1=" " ind2=" " tag="245"><subfield code="a">Studies on liquids time domain spectroscopy on polar liquids computers simulation of alkali h alides</subfield></datafield><datafield ind1=" " ind2=" " tag="260"><subfield code="a">Amsterdam, Universiteit, 1977. 79 P</subfield></datafield><datafield ind1=" " ind2=" " tag="852"><subfield code="a">78219</subfield></datafield></record></collection>